% This file was created with JabRef 2.9.2.
% Encoding: UTF8

@BOOK{Almanah,
	title = {Введение в проблематику Смарт Сити},
	publisher = {Овчинников А.},
	year = {2015},
	author = {Овчинников А.},
	pages = {3-7},
}

@BOOK{Harrison,
	title = {Theory of smart cities.},
	publisher = {UK},
	year = {2011},
	author = {Harrison C., Donnelly I.A.},
	pages = {1-15},
}

@ARTICLE{smartcity,
	title = {ИНФОРМАЦИОННЫЕ ТЕХНОЛОГИИ В МОСКВЕ},
	timestamp = {2018.12.15},
	url = {https://www.mos.ru/city/projects/smartcity/}
}

@ARTICLE{smartcityObn,
	author = {Евгения Михайлова},
	title = {Московский комсомолец},
	timestamp = {2018.12.15},
	url = {https://www.mkkaluga.ru/articles/2018/02/15/umnyy-gorod-budet-sozdan-v-obninske.html}
}

@ARTICLE{NK,
	author = {Алексей Лагутенков},
	title = {«Умный город»: от концепции к воплощению},
	journal = {Наука и жизнь},
	year = {2018},
	number = {8},
	timestamp = {2018.12.15},
	url = {https://www.nkj.ru/archive/articles/34224/}
}

@ARTICLE{Innoprom,
	title = {Innoprom smart manufacturing},
	year = {2017},
	timestamp = {2018.12.15},
	url = {https://design-mate.ru/read/megapolis/problems-of-smart-cities-innoprom2017}
}

@ARTICLE{Cisco,
	title = {Connected Campus},
	timestamp = {2018.12.15},
	url = {https://www.cisco.com/c/en/us/solutions/industries/education/connected-campus.html}
}

@comment{jabref-meta: selector_publisher:}

@comment{jabref-meta: selector_author:}

@comment{jabref-meta: selector_journal:}

@comment{jabref-meta: selector_keywords:}

